@article{seyler2015electrical,
  title={Electrical control of second-harmonic generation in a WSe2 monolayer transistor},
  author={Seyler, Kyle L and Schaibley, John R and Gong, Pu and Rivera, Pasqual and Jones, Aaron M and Wu, Sanfeng and Yan, Jiaqiang and Mandrus, David G and Yao, Wang and Xu, Xiaodong},
  journal={Nature nanotechnology},
  volume={10},
  number={5},
  pages={407--411},
  year={2015},
  publisher={Nature Publishing Group UK London}
}


@article{klein2017electric,
  title={Electric-field switchable second-harmonic generation in bilayer MoS2 by inversion symmetry breaking},
  author={Klein, Julian and Wierzbowski, Jakob and Steinhoff, Alexander and Florian, Matthias and Rosner, M and Heimbach, Florian and Muller, K and Jahnke, Frank and Wehling, Tim O and Finley, Jonathan J and others},
  journal={Nano letters},
  volume={17},
  number={1},
  pages={392--398},
  year={2017},
  publisher={ACS Publications}
}


@article{shree2021interlayer,
  title={Interlayer exciton mediated second harmonic generation in bilayer MoS2},
  author={Shree, Shivangi and Lagarde, Delphine and Lombez, Laurent and Robert, Cedric and Balocchi, Andrea and Watanabe, Kenji and Taniguchi, Takashi and Marie, Xavier and Gerber, Iann C and Glazov, Mikhail M and others},
  journal={Nature Communications},
  volume={12},
  number={1},
  pages={6894},
  year={2021},
  publisher={Nature Publishing Group UK London}
}

@article{wang2022electrically,
  title={Electrically tunable second harmonic generation in atomically thin ReS2},
  author={Wang, Jing and Han, Nannan and Luo, Zheng-Dong and Zhang, Mingwen and Chen, Xiaoqing and Liu, Yan and Hao, Yue and Zhao, Jianlin and Gan, Xuetao},
  journal={ACS nano},
  volume={16},
  number={4},
  pages={6404--6413},
  year={2022},
  publisher={ACS Publications}
}

@article{vella2017unconventional,
  title={Unconventional electroabsorption in monolayer MoS2},
  author={Vella, Daniele and Ovchinnikov, Dmitry and Martino, Nicola and Vega-Mayoral, Victor and Dumcenco, Dumitru and Kung, Yen-Chen and Antognazza, Maria-Rosa and Kis, Andras and Lanzani, Guglielmo and Mihailovic, Dragan and others},
  journal={2D Materials},
  volume={4},
  number={2},
  pages={021005},
  year={2017},
  publisher={IOP Publishing}
}

@article{attaccalite2019second,
  title={Second-harmonic generation in single-layer monochalcogenides: A response from first-principles real-time simulations},
  author={Attaccalite, Claudio and Palummo, Maurizia and Cannuccia, Elena and Gr{\"u}ning, Myrta},
  journal={Physical Review Materials},
  volume={3},
  number={7},
  pages={074003},
  year={2019},
  publisher={APS}
}

@article{khoo2004tuning,
  title={Tuning the electronic properties of boron nitride nanotubes with transverse electric fields: A giant dc Stark effect},
  author={Khoo, KH and Louie, Steven G and others},
  journal={Physical Review B},
  volume={69},
  number={20},
  pages={201401},
  year={2004},
  publisher={APS}
}

@article{gerber2019interlayer,
  title={Interlayer excitons in bilayer MoS 2 with strong oscillator strength up to room temperature},
  author={Gerber, Iann C and Courtade, Emmanuel and Shree, Shivangi and Robert, Cedric and Taniguchi, Takashi and Watanabe, Kenji and Balocchi, Andrea and Renucci, Pierre and Lagarde, Delphine and Marie, Xavier and others},
  journal={Physical Review B},
  volume={99},
  number={3},
  pages={035443},
  year={2019},
  publisher={APS}
}


@article{leisgang2020giant,
  title={Giant Stark splitting of an exciton in bilayer MoS2},
  author={Leisgang, Nadine and Shree, Shivangi and Paradisanos, Ioannis and Sponfeldner, Lukas and Robert, Cedric and Lagarde, Delphine and Balocchi, Andrea and Watanabe, Kenji and Taniguchi, Takashi and Marie, Xavier and others},
  journal={Nature Nanotechnology},
  volume={15},
  number={11},
  pages={901--907},
  year={2020},
  publisher={Nature Publishing Group UK London}
}

@article{attaccalite2022non,
  title={Non-linear response of solids and nanostructures},
  author={Attaccalite, Claudio and Sangalli, Davide and Gr{\"u}ning, Myrta},
  journal={$\Psi_k$ ScientiÔ¨Åc Highlight Of The Month},
  number={154},
  note={\url{https://psi-k.net/download/highlights/Highlight\_154.pdf}},
  year={2022}
}

@article{bertsch2000real,
  title={Real-space, real-time method for the dielectric function},
  author={Bertsch, George F and Iwata, J-I and Rubio, Angel and Yabana, Kazuhiro},
  journal={Physical Review B},
  volume={62},
  number={12},
  pages={7998},
  year={2000},
  publisher={APS}
}

@article{PhysRevB.54.4484,
  title = {Time-dependent local-density approximation in real time},
  author = {Yabana, K. and Bertsch, G. F.},
  journal = {Phys. Rev. B},
  volume = {54},
  issue = {7},
  pages = {4484--4487},
  numpages = {0},
  year = {1996},
  month = {Aug},
  publisher = {American Physical Society},
  doi = {10.1103/PhysRevB.54.4484},
  url = {https://link.aps.org/doi/10.1103/PhysRevB.54.4484}
}

@article{calvayrac1995nonlinear,
  title={Nonlinear plasmon response in highly excited metallic clusters},
  author={Calvayrac, F and Reinhard, PG and Suraud, E},
  journal={Physical Review B},
  volume={52},
  number={24},
  pages={R17056},
  year={1995},
  publisher={APS}
}

@article{cistaro2022theoretical,
  title={Theoretical Approach for Electron Dynamics and Ultrafast Spectroscopy (EDUS)},
  author={Cistaro, Giovanni and Malakhov, Mikhail and Esteve-Paredes, Juan Jos{\'e} and Ur{\'\i}a-{\'A}lvarez, Alejandro Jos{\'e} and Silva, Rui EF and Martin, Fernando and Palacios, Juan Jos{\'e} and Picon, Antonio},
  journal={Journal of Chemical Theory and Computation},
  volume={19},
  number={1},
  pages={333--348},
  year={2022},
  publisher={ACS Publications}
}

@article{attaccalite2017excitonic,
  title={Excitonic effects in third-harmonic generation: The case of carbon nanotubes and nanoribbons},
  author={Attaccalite, Claudio and Cannuccia, E and Gr{\"u}ning, M},
  journal={Physical Review B},
  volume={95},
  number={12},
  pages={125403},
  year={2017},
  publisher={APS}
}

@article{attaccalite2018two,
  title={Two-photon absorption in two-dimensional materials: The case of hexagonal boron nitride},
  author={Attaccalite, Claudio and Gr{\"u}ning, Myrta and Amara, Hakim and Latil, Sylvain and Ducastelle, Fran{\c{c}}ois},
  journal={Physical Review B},
  volume={98},
  number={16},
  pages={165126},
  year={2018},
  publisher={APS}
}

@article{tancogne2017impact,
  title={Impact of the electronic band structure in high-harmonic generation spectra of solids},
  author={Tancogne-Dejean, Nicolas and M{\"u}cke, Oliver D and K{\"a}rtner, Franz X and Rubio, Angel},
  journal={Physical review letters},
  volume={118},
  number={8},
  pages={087403},
  year={2017},
  publisher={APS}
}


@article{acs.nanolett.5b02547,
author = {Yu, Huakang and Talukdar, Deep and Xu, Weigao and Khurgin, Jacob B. and Xiong, Qihua},
title = {Charge-Induced Second-Harmonic Generation in Bilayer WSe2},
journal = {Nano Letters},
volume = {15},
number = {8},
pages = {5653-5657},
year = {2015},
doi = {10.1021/acs.nanolett.5b02547},
note ={PMID: 26203670}
}

@article{prussel2023ab,
  title={Ab initio nonlinear optics in solids: linear electro-optic effect and electric-field induced second-harmonic generation},
  author={Prussel, Lucie and Maji, Rita and Degoli, Elena and Luppi, Eleonora and V{\'e}niard, Val{\'e}rie},
  journal={The European Physical Journal Special Topics},
  volume={232},
  number={13},
  pages={2231--2240},
  year={2023},
  publisher={Springer}
}

