%% This BibTeX bibliography file was created using BibDesk.
%% http://bibdesk.sourceforge.net/


%% Created for Fran√ßois Ducastelle at 2018-03-27 14:26:02 +0200 


%% Saved with string encoding Unicode (UTF-8) 



@article{Cao2018,
	Author = {Cao, Ting and Wu, Meng and Louie, Steven G.},
	Date-Added = {2018-03-19 17:34:47 +0000},
	Date-Modified = {2018-03-19 17:35:02 +0000},
	Doi = {10.1103/PhysRevLett.120.087402},
	Issue = {8},
	Journal = {Phys. Rev. Lett.},
	Month = {Feb},
	Numpages = {6},
	Pages = {087402},
	Publisher = {American Physical Society},
	Title = {Unifying Optical Selection Rules for Excitons in Two Dimensions: Band Topology and Winding Numbers},
	Url = {https://link.aps.org/doi/10.1103/PhysRevLett.120.087402},
	Volume = {120},
	Year = {2018},
	Bdsk-Url-1 = {https://link.aps.org/doi/10.1103/PhysRevLett.120.087402},
	Bdsk-Url-2 = {https://dx.doi.org/10.1103/PhysRevLett.120.087402}}

@article{Zhang2018,
	Author = {Zhang, Xiaoou and Shan, Wen-Yu and Xiao, Di},
	Date-Added = {2018-03-19 17:32:50 +0000},
	Date-Modified = {2018-03-19 17:33:16 +0000},
	Doi = {10.1103/PhysRevLett.120.077401},
	Issue = {7},
	Journal = {Phys. Rev. Lett.},
	Month = {Feb},
	Numpages = {5},
	Pages = {077401},
	Publisher = {American Physical Society},
	Title = {Optical Selection Rule of Excitons in Gapped Chiral Fermion Systems},
	Url = {https://link.aps.org/doi/10.1103/PhysRevLett.120.077401},
	Volume = {120},
	Year = {2018},
	Bdsk-Url-1 = {https://link.aps.org/doi/10.1103/PhysRevLett.120.077401},
	Bdsk-Url-2 = {https://dx.doi.org/10.1103/PhysRevLett.120.077401}}

@article{Zhou2015,
	Author = {Zhou, Jianhui and Shan, Wen-Yu and Yao, Wang and Xiao, Di},
	Date-Added = {2018-03-19 16:37:21 +0000},
	Date-Modified = {2018-03-19 16:37:37 +0000},
	Doi = {10.1103/PhysRevLett.115.166803},
	Issue = {16},
	Journal = {Phys. Rev. Lett.},
	Month = {Oct},
	Numpages = {5},
	Pages = {166803},
	Publisher = {American Physical Society},
	Title = {Berry Phase Modification to the Energy Spectrum of Excitons},
	Url = {https://link.aps.org/doi/10.1103/PhysRevLett.115.166803},
	Volume = {115},
	Year = {2015},
	Bdsk-Url-1 = {https://link.aps.org/doi/10.1103/PhysRevLett.115.166803},
	Bdsk-Url-2 = {https://dx.doi.org/10.1103/PhysRevLett.115.166803}}

@article{Schue2018,
	Author = {Schue, Leonard and Sponza, Lorenzo and Plaud, Alexandre and Bensalah, Hakima and Watanabe, Kenji and Taniguchi, Takashi and Ducastelle, Fran{\c c}ois and Loiseau, Annick and Barjon, Julien},
	Date-Added = {2018-03-19 15:36:45 +0000},
	Date-Modified = {2018-03-19 15:43:09 +0000},
	Journal = {arXiv:1803.03766 [cond-mat.mtrl-sci]},
	Title = {Direct and indirect excitons with high binding energies in hBN},
	Year = {2018}}

@article{Paleari2018,
  title={Excitons in few-layer hexagonal boron nitride: Davydov splitting and surface localization},
  author={Paleari, Fulvio and Galvani, Thomas and Amara, Hakim and Ducastelle, Fran{\c{c}}ois and Molina-S{\'a}nchez, Alejandro and Wirtz, Ludger},
  journal={2D Materials},
  volume={5},
  number={4},
  pages={045017},
  year={2018},
  publisher={IOP Publishing}
}

@article{Kang2016,
	Author = {Kang, Joongoo and Zhang, Lijun and Wei, Su-Huai},
	Date-Added = {2018-01-16 13:34:01 +0000},
	Date-Modified = {2018-01-16 13:34:19 +0000},
	Doi = {10.1021/acs.jpclett.5b02687},
	Journal = {The Journal of Physical Chemistry Letters},
	Number = {4},
	Pages = {597-602},
	Title = {A Unified Understanding of the Thickness-Dependent Bandgap Transition in Hexagonal Two-Dimensional Semiconductors},
	Volume = {7},
	Year = {2016},
	Bdsk-Url-1 = {http://dx.doi.org/10.1021/acs.jpclett.5b02687}}

@article{Li2013,
	Author = {Li, Yilei and Rao, Yi and Mak, Kin Fai and You, Yumeng and Wang, Shuyuan and Dean, Cory R. and Heinz, Tony F.},
	Date-Added = {2018-01-15 18:51:58 +0000},
	Date-Modified = {2018-01-15 18:59:50 +0000},
	Doi = {10.1021/nl401561r},
	Journal = {Nano Letters},
	Number = {7},
	Pages = {3329-3333},
	Title = {Probing Symmetry Properties of Few-Layer MoS2 and h-BN by Optical Second-Harmonic Generation},
	Volume = {13},
	Year = {2013},
	Bdsk-Url-1 = {http://dx.doi.org/10.1021/nl401561r}}

@article{Kim2013,
	Author = {Kim, Cheol-Joo and Brown, Lola and Graham, Matt W. and Hovden, Robert and Havener, Robin W. and McEuen, Paul L. and Muller, David A. and Park, Jiwoong},
	Date-Added = {2018-01-15 18:45:54 +0000},
	Date-Modified = {2018-01-15 19:00:04 +0000},
	Doi = {10.1021/nl403328s},
	Journal = {Nano Letters},
	Number = {11},
	Pages = {5660-5665},
	Title = {Stacking Order Dependent Second Harmonic Generation and Topological Defects in h-BN Bilayers},
	Volume = {13},
	Year = {2013},
	Bdsk-Url-1 = {http://dx.doi.org/10.1021/nl403328s}}

@article{Gruning2014,
	Author = {Gr\"uning, M. and Attaccalite, C.},
	Date-Added = {2018-01-15 18:41:37 +0000},
	Date-Modified = {2018-01-15 18:42:03 +0000},
	Doi = {10.1103/PhysRevB.89.081102},
	Issue = {8},
	Journal = {Phys. Rev. B},
	Month = {Feb},
	Numpages = {5},
	Pages = {081102},
	Publisher = {American Physical Society},
	Title = {Second harmonic generation in $h$-BN and MoS${}_{2}$ monolayers: Role of electron-hole interaction},
	Url = {https://link.aps.org/doi/10.1103/PhysRevB.89.081102},
	Volume = {89},
	Year = {2014},
	Bdsk-Url-1 = {https://link.aps.org/doi/10.1103/PhysRevB.89.081102},
	Bdsk-Url-2 = {https://dx.doi.org/10.1103/PhysRevB.89.081102}}

@article{Wang2015,
	Author = {Wang, G. and Marie, X. and Gerber, I. and Amand, T. and Lagarde, D. and Bouet, L. and Vidal, M. and Balocchi, A. and Urbaszek, B.},
	Date-Added = {2018-01-12 17:17:12 +0000},
	Date-Modified = {2018-01-12 17:18:17 +0000},
	Doi = {10.1103/PhysRevLett.114.097403},
	Issue = {9},
	Journal = {Phys. Rev. Lett.},
	Month = {Mar},
	Numpages = {6},
	Pages = {097403},
	Publisher = {American Physical Society},
	Title = {Giant Enhancement of the Optical Second-Harmonic Emission of ${\mathrm{WSe}}_{2}$ Monolayers by Laser Excitation at Exciton Resonances},
	Url = {https://link.aps.org/doi/10.1103/PhysRevLett.114.097403},
	Volume = {114},
	Year = {2015},
	Bdsk-Url-1 = {https://link.aps.org/doi/10.1103/PhysRevLett.114.097403},
	Bdsk-Url-2 = {https://dx.doi.org/10.1103/PhysRevLett.114.097403}}

@article{Ventura2017,
	Author = {Ventura, G. B. and Passos, D. J. and Lopes dos Santos, J. M. B. and Viana Parente Lopes, J. M. and Peres, N. M. R.},
	Doi = {10.1103/PhysRevB.96.035431},
	Issue = {3},
	Journal = {Phys. Rev. B},
	Month = {Jul},
	Numpages = {11},
	Pages = {035431},
	Publisher = {American Physical Society},
	Title = {Gauge covariances and nonlinear optical responses},
	Url = {https://link.aps.org/doi/10.1103/PhysRevB.96.035431},
	Volume = {96},
	Year = {2017},
	Bdsk-Url-1 = {https://link.aps.org/doi/10.1103/PhysRevB.96.035431},
	Bdsk-Url-2 = {https://dx.doi.org/10.1103/PhysRevB.96.035431}}

@article{Srivastava2015,
	Author = {Srivastava, Ajit and Imamo\u{g}lu, Ata\c{c}},
	Date-Added = {2018-01-12 11:14:00 +0000},
	Date-Modified = {2018-03-09 16:47:22 +0000},
	Doi = {10.1103/PhysRevLett.115.166802},
	Issue = {16},
	Journal = {Phys. Rev. Lett.},
	Month = {Oct},
	Numpages = {5},
	Pages = {166802},
	Publisher = {American Physical Society},
	Title = {Signatures of Bloch-Band Geometry on Excitons: Nonhydrogenic Spectra in Transition-Metal Dichalcogenides},
	Url = {https://link.aps.org/doi/10.1103/PhysRevLett.115.166802},
	Volume = {115},
	Year = {2015},
	Bdsk-Url-1 = {https://link.aps.org/doi/10.1103/PhysRevLett.115.166802},
	Bdsk-Url-2 = {https://dx.doi.org/10.1103/PhysRevLett.115.166802}}

@article{Koskelo2017,
	Author = {Koskelo, Jaakko and Fugallo, Giorgia and Hakala, Mikko and Gatti, Matteo and Sottile, Francesco and Cudazzo, Pierluigi},
	Date-Added = {2018-01-05 16:35:03 +0000},
	Date-Modified = {2018-01-05 16:35:34 +0000},
	Doi = {10.1103/PhysRevB.95.035125},
	Issue = {3},
	Journal = {Phys. Rev. B},
	Month = {Jan},
	Numpages = {14},
	Pages = {035125},
	Publisher = {American Physical Society},
	Title = {Excitons in van der Waals materials: From monolayer to bulk hexagonal boron nitride},
	Url = {https://link.aps.org/doi/10.1103/PhysRevB.95.035125},
	Volume = {95},
	Year = {2017},
	Bdsk-Url-1 = {https://link.aps.org/doi/10.1103/PhysRevB.95.035125},
	Bdsk-Url-2 = {https://dx.doi.org/10.1103/PhysRevB.95.035125}}

@book{Koonin1990,
	Address = {Reading, MA},
	Author = {Koonin, S. E. and Meredith, D. C.},
	Date-Added = {2017-12-15 13:53:57 +0000},
	Date-Modified = {2017-12-15 13:53:57 +0000},
	Publisher = {Addison-Wesley},
	Title = {Computational Physics},
	Year = {1990},
	Bdsk-Url-1 = {http://dx.doi.org/10.1038/lsa.2015.139%20http://10.0.4.14/lsa.2015.139%20https://www.nature.com/articles/lsa2015139%7B%5C#%7Dsupplementary-information}}

@article{Shimizu1989,
	Author = {Shimizu, A.},
	Date-Added = {2017-12-15 13:34:35 +0000},
	Date-Modified = {2018-01-05 15:27:29 +0000},
	Doi = {10.1103/PhysRevB.40.1403},
	Issue = {2},
	Journal = {Phys. Rev. B},
	Month = {Jul},
	Numpages = {0},
	Pages = {1403--1406},
	Publisher = {American Physical Society},
	Title = {Two-photon absorption in quantum-well structures near half the direct band gap},
	Url = {https://link.aps.org/doi/10.1103/PhysRevB.40.1403},
	Volume = {40},
	Year = {1989},
	Bdsk-Url-1 = {https://link.aps.org/doi/10.1103/PhysRevB.40.1403},
	Bdsk-Url-2 = {https://dx.doi.org/10.1103/PhysRevB.40.1403}}

@article{Mahan1968,
	Author = {Mahan, G. D.},
	Date-Added = {2017-12-15 13:33:18 +0000},
	Date-Modified = {2017-12-15 13:33:39 +0000},
	Doi = {10.1103/PhysRev.170.825},
	Issue = {3},
	Journal = {Phys. Rev.},
	Month = {Jun},
	Numpages = {0},
	Pages = {825--838},
	Publisher = {American Physical Society},
	Title = {Theory of Two-Photon Spectroscopy in Solids},
	Url = {https://link.aps.org/doi/10.1103/PhysRev.170.825},
	Volume = {170},
	Year = {1968},
	Bdsk-Url-1 = {https://link.aps.org/doi/10.1103/PhysRev.170.825},
	Bdsk-Url-2 = {https://dx.doi.org/10.1103/PhysRev.170.825}}

@book{Grynberg2010,
	Author = {Grynberg, G. and Aspect, A. and Fabre, C.},
	Date-Added = {2017-12-14 11:58:07 +0000},
	Date-Modified = {2017-12-15 13:55:47 +0000},
	Publisher = {Cambridge University Press},
	Title = {Introduction to Quantum Optics},
	Year = {1990},
	Bdsk-Url-1 = {http://dx.doi.org/10.1038/lsa.2015.139%20http://10.0.4.14/lsa.2015.139%20https://www.nature.com/articles/lsa2015139%7B%5C#%7Dsupplementary-information}}

@book{Toyozawa2003,
	Author = {Y. Toyozawa},
	Date-Added = {2017-12-14 11:19:09 +0000},
	Date-Modified = {2017-12-14 11:19:09 +0000},
	Publisher = {Cambridge University Press},
	Title = {Optical Processes in Solids},
	Year = {2003}}

@book{Yu2010,
	Author = {P. Y. Yu and M. Cardona},
	Date-Added = {2017-12-14 11:18:56 +0000},
	Date-Modified = {2017-12-14 11:18:56 +0000},
	Publisher = {Springer},
	Title = {Fundamentals of Semiconductors},
	Year = {2010}}

@article{Xiao2015,
	Author = {Xiao, J. and Ye, Z. and Wang, Y. and Zhu, H. and Wang, Y. and Zhang, X.},
	Date-Added = {2017-12-11 16:16:28 +0000},
	Date-Modified = {2018-01-05 15:12:12 +0000},
	Journal = {Light: Science {\&}Amp; Applications},
	Month = {dec},
	Pages = {e366},
	Title = {{Nonlinear optical selection rule based on valley-exciton locking in monolayer ws2}},
	Volume = {4},
	Year = {2015},
	Bdsk-Url-1 = {http://dx.doi.org/10.1038/lsa.2015.139%20http://10.0.4.14/lsa.2015.139%20https://www.nature.com/articles/lsa2015139%7B%5C#%7Dsupplementary-information}}

@article{Adler1962,
	Author = {Adler, S. L.},
	Date-Added = {2017-12-11 15:51:50 +0000},
	Date-Modified = {2018-01-05 15:27:02 +0000},
	Doi = {10.1103/PhysRev.126.413},
	Issue = {2},
	Journal = {Phys. Rev.},
	Month = {Apr},
	Numpages = {0},
	Pages = {413--420},
	Publisher = {American Physical Society},
	Title = {Quantum Theory of the Dielectric Constant in Real Solids},
	Url = {https://link.aps.org/doi/10.1103/PhysRev.126.413},
	Volume = {126},
	Year = {1962},
	Bdsk-Url-1 = {https://link.aps.org/doi/10.1103/PhysRev.126.413},
	Bdsk-Url-2 = {https://dx.doi.org/10.1103/PhysRev.126.413}}

@article{Strinati1988,
	Adsnote = {Provided by the SAO/NASA Astrophysics Data System},
	Adsurl = {http://adsabs.harvard.edu/abs/1988NCimR..11l...1S},
	Author = {{Strinati}, G.},
	Date-Added = {2017-12-11 14:59:51 +0000},
	Date-Modified = {2017-12-11 15:00:21 +0000},
	Doi = {10.1007/BF02725962},
	Journal = {Nuovo Cimento Rivista Serie},
	Month = dec,
	Pages = {1-86},
	Title = {{Application of the Green's functions method to the study of the optical properties of semiconductors}},
	Volume = 11,
	Year = 1988,
	Bdsk-Url-1 = {https://dx.doi.org/10.1007/BF02725962}}

@article{Souza2004,
	Author = {Souza, I. and \'I\~niguez, J. and Vanderbilt, D.},
	Date-Added = {2017-12-11 14:51:46 +0000},
	Date-Modified = {2018-01-05 15:26:43 +0000},
	Doi = {10.1103/PhysRevB.69.085106},
	Issue = {8},
	Journal = {Phys. Rev. B},
	Month = {Feb},
	Numpages = {16},
	Pages = {085106},
	Publisher = {American Physical Society},
	Title = {Dynamics of Berry-phase polarization in time-dependent electric fields},
	Url = {https://link.aps.org/doi/10.1103/PhysRevB.69.085106},
	Volume = {69},
	Year = {2004},
	Bdsk-Url-1 = {https://link.aps.org/doi/10.1103/PhysRevB.69.085106},
	Bdsk-Url-2 = {https://dx.doi.org/10.1103/PhysRevB.69.085106}}

@article{Quantum_espresso2009,
	Author = {Giannozzi, P. and others},
	Journal = {Journal of Physics: Condensed Matter},
	Number = {39},
	Pages = {395502},
	Title = {Quantum espresso: a modular and open-source software project for quantum simulations of materials},
	Url = {http://stacks.iop.org/0953-8984/21/i=39/a=395502},
	Volume = {21},
	Year = {2009},
	Bdsk-Url-1 = {http://stacks.iop.org/0953-8984/21/i=39/a=395502}}

@phdthesis{Gubler2000,
	Author = {Ulrich Gubler},
	Date-Added = {2017-12-11 13:53:39 +0000},
	Date-Modified = {2017-12-11 14:01:20 +0000},
	Note = {http://e-collection.library.ethz.ch/eserv/eth:23622/eth-23622-02.pdf},
	School = {ETHZ},
	Title = {Third-order nonlinear optical effects in organic materials},
	Year = {2000}}

@article{Attaccalite2013,
	Author = {Attaccalite, C and Gr{\"u}ning, M},
	Date-Added = {2017-12-11 13:06:24 +0000},
	Date-Modified = {2017-12-11 13:06:50 +0000},
	Journal = {Phys. Rev. B},
	Number = {23},
	Pages = {235113},
	Publisher = {American Physical Society},
	Title = {Nonlinear optics from an ab initio approach by means of the dynamical Berry phase: Application to second-and third-harmonic generation in semiconductors},
	Volume = {88},
	Year = {2013}}

@article{Glazov2017,
	Author = {Glazov, M. M. and Golub, L. E. and Wang, G. and Marie, X. and Amand, T. and Urbaszek, B.},
	Date-Added = {2017-12-08 18:04:12 +0000},
	Date-Modified = {2017-12-08 18:05:47 +0000},
	Doi = {10.1103/PhysRevB.95.035311},
	Issue = {3},
	Journal = {Phys. Rev. B},
	Month = {Jan},
	Numpages = {12},
	Pages = {035311},
	Publisher = {American Physical Society},
	Title = {Intrinsic exciton-state mixing and nonlinear optical properties in transition metal dichalcogenide monolayers},
	Url = {https://link.aps.org/doi/10.1103/PhysRevB.95.035311},
	Volume = {95},
	Year = {2017},
	Bdsk-Url-1 = {https://link.aps.org/doi/10.1103/PhysRevB.95.035311},
	Bdsk-Url-2 = {https://dx.doi.org/10.1103/PhysRevB.95.035311}}

@article{Wang2005,
	Author = {Wang, F. and Dukovic, G. and Brus, L. E. and Heinz, T. F.},
	Date-Added = {2017-12-08 17:55:02 +0000},
	Date-Modified = {2018-01-12 17:16:29 +0000},
	Journal = {Science},
	Number = {5723},
	Pages = {838--841},
	Publisher = {American Association for the Advancement of Science},
	Title = {The optical resonances in carbon nanotubes arise from excitons},
	Volume = {308},
	Year = {2005}}

@article{Wu2015,
	Author = {Wu, F. and Qu, F. and MacDonald, A. H.},
	Date-Added = {2017-12-08 17:14:53 +0000},
	Date-Modified = {2018-01-05 15:11:01 +0000},
	Doi = {10.1103/PhysRevB.91.075310},
	Issue = {7},
	Journal = {Phys. Rev. B},
	Month = {Feb},
	Numpages = {8},
	Pages = {075310},
	Publisher = {American Physical Society},
	Title = {Exciton band structure of monolayer ${\mathrm{MoS}}_{2}$},
	Url = {https://link.aps.org/doi/10.1103/PhysRevB.91.075310},
	Volume = {91},
	Year = {2015},
	Bdsk-Url-1 = {https://link.aps.org/doi/10.1103/PhysRevB.91.075310},
	Bdsk-Url-2 = {http://dx.doi.org/10.1103/PhysRevB.91.075310}}

@article{Blase1995,
	Author = {Blase, X. and Rubio, Angel and Louie, Steven G. and Cohen, Marvin L.},
	Date-Added = {2017-12-08 16:36:36 +0000},
	Date-Modified = {2017-12-08 16:36:36 +0000},
	Doi = {10.1103/PhysRevB.51.6868},
	Issue = {11},
	Journal = {Phys. Rev. B},
	Month = {Mar},
	Numpages = {0},
	Pages = {6868--6875},
	Publisher = {American Physical Society},
	Title = {Quasiparticle band structure of bulk hexagonal boron nitride and related systems},
	Url = {http://link.aps.org/doi/10.1103/PhysRevB.51.6868},
	Volume = {51},
	Year = {1995},
	Bdsk-Url-1 = {http://link.aps.org/doi/10.1103/PhysRevB.51.6868},
	Bdsk-Url-2 = {http://dx.doi.org/10.1103/PhysRevB.51.6868}}

@article{Li2016,
	Author = {J. Li and X. K. Cao and T. B. Hoffman and J. H. Edgar and J. Y. Lin and H. X. Jiang},
	Date-Added = {2017-12-08 16:31:10 +0000},
	Date-Modified = {2017-12-08 16:31:10 +0000},
	Journal = {Applied Physics Letters},
	Number = {12},
	Pages = {122101},
	Title = {Nature of exciton transitions in hexagonal boron nitride},
	Volume = {108},
	Year = {2016},
	Bdsk-Url-1 = {http://dx.doi.org/10.1063/1.4944696}}

@article{Gong2017,
	Author = {Gong, P. and Yu, H. and Wang, Y. and Yao, W.},
	Date-Added = {2017-12-06 19:08:24 +0000},
	Date-Modified = {2018-01-05 15:12:47 +0000},
	Doi = {10.1103/PhysRevB.95.125420},
	Issue = {12},
	Journal = {Phys. Rev. B},
	Month = {Mar},
	Numpages = {8},
	Pages = {125420},
	Publisher = {American Physical Society},
	Title = {Optical selection rules for excitonic Rydberg series in the massive Dirac cones of hexagonal two-dimensional materials},
	Url = {https://link.aps.org/doi/10.1103/PhysRevB.95.125420},
	Volume = {95},
	Year = {2017},
	Bdsk-Url-1 = {https://link.aps.org/doi/10.1103/PhysRevB.95.125420},
	Bdsk-Url-2 = {https://dx.doi.org/10.1103/PhysRevB.95.125420}}

@book{Grosso2014,
	Author = {Grosso, G. and Parravicini, G.},
	Date-Added = {2017-12-06 19:00:11 +0000},
	Date-Modified = {2017-12-14 12:01:55 +0000},
	Edition = {2nd},
	Publisher = {Academic Press},
	Title = {Solid State Physics},
	Year = {2014},
	Bdsk-Url-1 = {http://dx.doi.org/10.1038/lsa.2015.139%20http://10.0.4.14/lsa.2015.139%20https://www.nature.com/articles/lsa2015139%7B%5C#%7Dsupplementary-information}}

@article{Wehling2015,
	Author = {Wehling, T. O. and Huber, A. and Lichtenstein, A. I. and Katsnelson, M. I.},
	Date-Added = {2017-12-06 18:57:07 +0000},
	Date-Modified = {2017-12-06 18:57:26 +0000},
	Doi = {10.1103/PhysRevB.91.041404},
	Issue = {4},
	Journal = {Phys. Rev. B},
	Month = {Jan},
	Numpages = {4},
	Pages = {041404},
	Publisher = {American Physical Society},
	Title = {Probing of valley polarization in graphene via optical second-harmonic generation},
	Url = {https://link.aps.org/doi/10.1103/PhysRevB.91.041404},
	Volume = {91},
	Year = {2015},
	Bdsk-Url-1 = {https://link.aps.org/doi/10.1103/PhysRevB.91.041404},
	Bdsk-Url-2 = {https://dx.doi.org/10.1103/PhysRevB.91.041404}}

@article{Saynatjoki2017,
	Abstract = {Nonlinear optical processes, such as harmonic generation, are of great interest for various applications, e.g., microscopy, therapy, and frequency conversion. However, high-order harmonic conversion is typically much less efficient than low-order, due to the weak intrinsic response of the higher-order nonlinear processes. Here we report ultra-strong optical nonlinearities in monolayer MoS2 (1L-MoS2): the third harmonic is 30 times stronger than the second, and the fourth is comparable to the second. The third harmonic generation efficiency for 1L-MoS2 is approximately three times higher than that for graphene, which was reported to have a large $\chi$                        (3). We explain this by calculating the nonlinear response functions of 1L-MoS2 with a continuum-model Hamiltonian and quantum mechanical diagrammatic perturbation theory, highlighting the role of trigonal warping. A similar effect is expected in all other transition-metal dichalcogenides. Our results pave the way for efficient harmonic generation based on layered materials for applications such as microscopy and imaging.},
	Author = {S{\"{a}}yn{\"{a}}tjoki, Antti and Karvonen, Lasse and Rostami, Habib and Autere, Anton and Mehravar, Soroush and Lombardo, Antonio and Norwood, Robert A and Hasan, Tawfique and Peyghambarian, Nasser and Lipsanen, Harri and Kieu, Khanh and Ferrari, Andrea C and Polini, Marco and Sun, Zhipei},
	Date-Added = {2017-12-06 18:49:00 +0000},
	Date-Modified = {2017-12-06 18:49:19 +0000},
	Doi = {10.1038/s41467-017-00749-4},
	Issn = {2041-1723},
	Journal = {Nature Communications},
	Number = {1},
	Pages = {893},
	Title = {{Ultra-strong nonlinear optical processes and trigonal warping in MoS2 layers}},
	Volume = {8},
	Year = {2017},
	Bdsk-Url-1 = {https://doi.org/10.1038/s41467-017-00749-4}}

@article{Golub2014,
	Author = {Golub, L. E. and Tarasenko, S. A.},
	Date-Added = {2017-12-06 18:44:31 +0000},
	Date-Modified = {2017-12-06 18:44:50 +0000},
	Doi = {10.1103/PhysRevB.90.201402},
	Issue = {20},
	Journal = {Phys. Rev. B},
	Month = {Nov},
	Numpages = {4},
	Pages = {201402},
	Publisher = {American Physical Society},
	Title = {Valley polarization induced second harmonic generation in graphene},
	Url = {https://link.aps.org/doi/10.1103/PhysRevB.90.201402},
	Volume = {90},
	Year = {2014},
	Bdsk-Url-1 = {https://link.aps.org/doi/10.1103/PhysRevB.90.201402},
	Bdsk-Url-2 = {https://dx.doi.org/10.1103/PhysRevB.90.201402}}

@article{Berkelbach2015,
	Author = {Berkelbach, T. C. and Hybertsen, M. S. and Reichman, D. R.},
	Date-Added = {2017-12-06 18:43:03 +0000},
	Date-Modified = {2018-01-05 15:11:31 +0000},
	Doi = {10.1103/PhysRevB.92.085413},
	Issue = {8},
	Journal = {Phys. Rev. B},
	Month = {Aug},
	Numpages = {9},
	Pages = {085413},
	Publisher = {American Physical Society},
	Title = {Bright and dark singlet excitons via linear and two-photon spectroscopy in monolayer transition-metal dichalcogenides},
	Url = {https://link.aps.org/doi/10.1103/PhysRevB.92.085413},
	Volume = {92},
	Year = {2015},
	Bdsk-Url-1 = {https://link.aps.org/doi/10.1103/PhysRevB.92.085413},
	Bdsk-Url-2 = {https://dx.doi.org/10.1103/PhysRevB.92.085413}}

@article{Vuong2017,
	Author = {Vuong, T. Q. P. and Cassabois, G. and Valvin, P. and Jacques, V. and Cusc\'o, R. and Art\'us, L. and Gil, B.},
	Date-Added = {2017-12-06 17:13:42 +0000},
	Date-Modified = {2017-12-06 17:14:02 +0000},
	Doi = {10.1103/PhysRevB.95.045207},
	Issue = {4},
	Journal = {Phys. Rev. B},
	Month = {Jan},
	Numpages = {7},
	Pages = {045207},
	Publisher = {American Physical Society},
	Title = {Overtones of interlayer shear modes in the phonon-assisted emission spectrum of hexagonal boron nitride},
	Url = {https://link.aps.org/doi/10.1103/PhysRevB.95.045207},
	Volume = {95},
	Year = {2017},
	Bdsk-Url-1 = {https://link.aps.org/doi/10.1103/PhysRevB.95.045207},
	Bdsk-Url-2 = {https://dx.doi.org/10.1103/PhysRevB.95.045207}}

@article{Watanabe2011,
	Author = {Watanabe, K. and Taniguchi, T.},
	Date-Added = {2017-12-06 17:03:53 +0000},
	Date-Modified = {2018-01-05 14:55:16 +0000},
	Doi = {10.1111/j.1744-7402.2011.02626.x},
	Issn = {1744-7402},
	Journal = {International Journal of Applied Ceramic Technology},
	Number = {5},
	Pages = {977--989},
	Publisher = {Blackwell Publishing Inc},
	Title = {Hexagonal Boron Nitride as a New Ultraviolet Luminescent Material and Its Application},
	Url = {http://dx.doi.org/10.1111/j.1744-7402.2011.02626.x},
	Volume = {8},
	Year = {2011},
	Bdsk-Url-1 = {http://dx.doi.org/10.1111/j.1744-7402.2011.02626.x}}

@article{Wirtz2008,
	Author = {Wirtz, L. and Marini, A. and Gr\"uning, M. and Attaccalite, C. and Kresse, G. and Rubio, A.},
	Date-Added = {2017-12-06 16:56:50 +0000},
	Date-Modified = {2018-01-05 15:02:59 +0000},
	Doi = {10.1103/PhysRevLett.100.189701},
	Issue = {18},
	Journal = {Phys. Rev. Lett.},
	Month = {May},
	Numpages = {1},
	Pages = {189701},
	Publisher = {American Physical Society},
	Title = {Comment on ``Huge Excitonic Effects in Layered Hexagonal Boron Nitride''},
	Url = {http://link.aps.org/doi/10.1103/PhysRevLett.100.189701},
	Volume = {100},
	Year = {2008},
	Bdsk-Url-1 = {http://link.aps.org/doi/10.1103/PhysRevLett.100.189701},
	Bdsk-Url-2 = {http://dx.doi.org/10.1103/PhysRevLett.100.189701}}

@article{Watanabe2009,
	Author = {Watanabe, K. and Taniguchi, T.},
	Date-Added = {2017-12-06 16:56:20 +0000},
	Date-Modified = {2018-01-05 14:00:17 +0000},
	Journal = {Phys. Rev. B},
	Pages = {193104},
	Title = {{Jahn-Teller effect on exciton states in hexagonal boron nitride single crystal}},
	Volume = {79},
	Year = {2009}}

@article{Schue2016,
	Abstract = {Cathodoluminescence (CL) experiments at low temperature have been undertaken on various bulk and exfoliated hexagonal boron nitride (hBN) samples. Different bulk crystals grown from different synthesis methods have been studied. All of them present the same so-called S series in the 5.6-6 eV range{,} proving its intrinsic character. Luminescence spectra of flakes containing 100 down to 6 layers have been recorded. Strong modifications in the same UV range are observed and discussed within the general framework of 2D exciton properties in lamellar crystals.},
	Author = {Schue, L. and Berini, B. and Betz, A. C. and Pla\c{c}ais, B. and Ducastelle, F. and Barjon, J. and Loiseau, A.},
	Date-Added = {2017-12-06 16:56:05 +0000},
	Date-Modified = {2018-03-19 16:58:54 +0000},
	Doi = {10.1039/C6NR01253A},
	Issue = {13},
	Journal = {Nanoscale},
	Pages = {6986-6993},
	Publisher = {The Royal Society of Chemistry},
	Title = {Dimensionality effects on the luminescence properties of hBN},
	Url = {http://dx.doi.org/10.1039/C6NR01253A},
	Volume = {8},
	Year = {2016},
	Bdsk-Url-1 = {http://dx.doi.org/10.1039/C6NR01253A}}

@article{Pierret2014,
	Author = {Pierret, A. and Loayza, J. and Berini, B. and Betz, A. and Pla\c{c}ais, B. and Ducastelle, F. and Barjon, J. and Loiseau, A},
	Date-Added = {2017-12-06 16:55:56 +0000},
	Date-Modified = {2018-01-05 14:56:17 +0000},
	Journal = {Phys. Rev. B},
	Pages = {035414},
	Title = {{Excitonic recombinations in hBN : From bulk to exfoliated layers}},
	Volume = {89},
	Year = {2014}}

@article{Museur2011,
	Author = {Museur, L. and Brasse, G. and Pierret, A. and Maine, S. and Attal-Tretout, B. and Ducastelle, F. and Loiseau, A. and Barjon, J. and Watanabe, K. and Taniguchi, T. and Kanaev, A.},
	Date-Added = {2017-12-06 16:55:49 +0000},
	Date-Modified = {2017-12-06 16:55:49 +0000},
	Journal = {Phys. status solidi - Rapid Res. Lett.},
	Pages = {214--216},
	Title = {{Exciton optical transitions in a hexagonal boron nitride single crystal}},
	Volume = {5},
	Year = {2011}}

@article{Jaffrennou2007,
	Author = {Jaffrennou, P. and Barjon, J. and Lauret, J.-S. and Loiseau, A. and Ducastelle, F. and Attal-Tretout, B.},
	Date-Added = {2017-12-06 16:55:14 +0000},
	Date-Modified = {2017-12-06 16:55:14 +0000},
	Journal = {Journal of Applied Physics},
	Pages = {116102},
	Title = {{Origin of the excitonic recombinations in hexagonal boron nitride by spatially resolved cathodoluminescence spectroscopy}},
	Volume = {102},
	Year = {2007}} 

@article{Arnaud2006,
	Author = {Arnaud, B. and Leb\`{e}gue, S. and Rabiller, P. and Alouani, M.},
	Date-Added = {2017-12-06 16:54:40 +0000},
	Date-Modified = {2017-12-06 16:54:40 +0000},
	Journal = {Physical Review Letters},
	Pages = {026402},
	Title = {{Huge excitonic effects in layered hexagonal boron nitride}},
	Volume = {96},
	Year = {2006}}

@article{Gao2012,
	Author = {Gao, G. and Gao, W. and Cannuccia, E. and Taha-Tijerina, J. and Balicas, L. and Mathkar, A. and Narayanan, T. N. and Liu, Z. and Gupta, B. K. and Peng, J. and Yin, Y. and Rubio, A. and Ajayan, P. M.},
	Date-Added = {2017-12-06 16:06:10 +0000},
	Date-Modified = {2018-01-05 14:54:47 +0000},
	Journal = {Nano Letters},
	Number = {7},
	Pages = {3518-3525},
	Title = {Artificially Stacked Atomic Layers: Toward New van der Waals Solids},
	Volume = {12},
	Year = {2012},
	Bdsk-Url-1 = {http://dx.doi.org/10.1021/nl301061b}}

@article{Callis1997,
	Author = {Callis, P. R.},
	Date-Modified = {2018-01-05 15:04:35 +0000},
	Journal = {Annual Review of Physical Chemistry},
	Number = {1},
	Pages = {271--297},
	Publisher = {Annual Reviews 4139 El Camino Way, PO Box 10139, Palo Alto, CA 94303-0139, USA},
	Title = {Two-photon--induced fluorescence},
	Volume = {48},
	Year = {1997}}

@article{Shen1984,
	Author = {Shen, Yuen-Ron},
	Date-Modified = {2017-12-08 17:36:37 +0000},
	Journal = {New York, Wiley-Interscience, 1984, 575 p.},
	Title = {The principles of nonlinear optics},
	Year = {1984}}

@article{Gang2017,
  title = {Colloquium: Excitons in atomically thin transition metal dichalcogenides},
  author = {Wang, Gang and Chernikov, Alexey and Glazov, Mikhail M. and Heinz, Tony F. and Marie, Xavier and Amand, Thierry and Urbaszek, Bernhard},
  journal = {Rev. Mod. Phys.},
  volume = {90},
  issue = {2},
  pages = {021001},
  numpages = {25},
  year = {2018},
  month = {Apr},
  publisher = {American Physical Society},
}

@article{Barros2006,
	Author = {Barros, E. B. and Capaz, R. B. and Jorio, A. and Samsonidze, G. G. and Souza Filho, A. G. and Ismail-Beigi, S. and Spataru, C. D. and Louie, S. G. and Dresselhaus, G. and Dresselhaus, M. S.},
	Date-Modified = {2018-01-05 15:07:37 +0000},
	Journal = {Physical Review B},
	Number = {24},
	Pages = {241406},
	Publisher = {APS},
	Title = {Selection rules for one-and two-photon absorption by excitons in carbon nanotubes},
	Volume = {73},
	Year = {2006}}

@article{Watanabe2004,
	Author = {Watanabe, K. and Taniguchi, T. and Kanda, H.},
	Date-Modified = {2018-01-05 13:58:41 +0000},
	Journal = {Nature materials},
	Number = {6},
	Pages = {404},
	Publisher = {Nature Publishing Group},
	Title = {Direct-bandgap properties and evidence for ultraviolet lasing of hexagonal boron nitride single crystal},
	Volume = {3},
	Year = {2004}}

@article{Podgornik2015,
	Author = {Podgornik, B and Kosec, T and Kocijan, A and Donik, {\v{C}}},
	Date-Modified = {2017-12-08 17:30:57 +0000},
	Journal = {Tribology International},
	Pages = {267--275},
	Publisher = {Elsevier},
	Title = {Tribological behaviour and lubrication performance of hexagonal boron nitride (h-BN) as a replacement for graphite in aluminium forming},
	Volume = {81},
	Year = {2015}}

@article{Lin2007,
	Author = {Lin, Q and Painter, Oskar J and Agrawal, Govind P},
	Date-Modified = {2017-12-11 13:24:27 +0000},
	Journal = {Optics Express},
	Number = {25},
	Pages = {16604--16644},
	Publisher = {Optical Society of America},
	Title = {Nonlinear optical phenomena in silicon waveguides: modeling and applications},
	Volume = {15},
	Year = {2007}}

@book{Boyd2008,
	Author = {Boyd, R. W.},
	Date-Modified = {2017-12-11 13:59:48 +0000},
	Edition = {3rd},
	Publisher = {Academic Press},
	Title = {Nonlinear Optics},
	Year = {2008}}

@article{Cassabois2016,
  title={Hexagonal boron nitride is an indirect bandgap semiconductor},
  author={Cassabois, Guillaume and Valvin, Pierre and Gil, Bernard},
  journal={Nature Photonics},
  volume={10},
  number={4},
  pages={nphoton--2015},
  year={2016},
  publisher={Nature Publishing Group}
}


@article{Fossard2017,
	Author = {Fossard, F. and Sponza, L. and Schu\'e, L. and Attaccalite, C. and Ducastelle, F. and Barjon, J. and Loiseau, A.},
	Date-Modified = {2018-01-05 15:00:44 +0000},
	Doi = {10.1103/PhysRevB.96.115304},
	Issue = {11},
	Journal = {Phys. Rev. B},
	Month = {Sep},
	Numpages = {9},
	Pages = {115304},
	Publisher = {American Physical Society},
	Title = {Angle-resolved electron energy loss spectroscopy in hexagonal boron nitride},
	Url = {https://link.aps.org/doi/10.1103/PhysRevB.96.115304},
	Volume = {96},
	Year = {2017},
	Bdsk-Url-1 = {https://link.aps.org/doi/10.1103/PhysRevB.96.115304},
	Bdsk-Url-2 = {https://dx.doi.org/10.1103/PhysRevB.96.115304}}

@article{Schuster2017,
  title={Direct observation of the lowest indirect exciton state in the bulk of hexagonal boron nitride},
  author={Schuster, R and Habenicht, C and Ahmad, M and Knupfer, M and B{\"u}chner, B},
  journal={Physical Review B},
  volume={97},
  number={4},
  pages={041201},
  year={2018},
  publisher={APS}
}

@article{Galombosi2011,
	Author = {Galambosi, S. and Wirtz, L. and Soininen, J. A. and Serrano, J. and Marini, A. and Watanabe, K. and Taniguchi, T. and Huotari, S. and Rubio, A. and H\"am\"al\"ainen, K.},
	Date-Modified = {2017-12-06 16:12:46 +0000},
	Doi = {10.1103/PhysRevB.83.081413},
	Issue = {8},
	Journal = {Phys. Rev. B},
	Month = {Feb},
	Numpages = {4},
	Pages = {081413},
	Publisher = {American Physical Society},
	Title = {Anisotropic excitonic effects in the energy loss function of hexagonal boron nitride},
	Url = {https://link.aps.org/doi/10.1103/PhysRevB.83.081413},
	Volume = {83},
	Year = {2011},
	Bdsk-Url-1 = {https://link.aps.org/doi/10.1103/PhysRevB.83.081413},
	Bdsk-Url-2 = {https://dx.doi.org/10.1103/PhysRevB.83.081413}}

@article{Fugallo2015,
	Author = {Fugallo, G. and Aramini, M. and Koskelo, J. and Watanabe, K. and Taniguchi, T. and Hakala, M. and Huotari, S. and Gatti, M. and Sottile, F.},
	Date-Modified = {2018-01-05 14:59:37 +0000},
	Doi = {10.1103/PhysRevB.92.165122},
	Issue = {16},
	Journal = {Phys. Rev. B},
	Month = {Oct},
	Numpages = {5},
	Pages = {165122},
	Publisher = {American Physical Society},
	Title = {Exciton energy-momentum map of hexagonal boron nitride},
	Url = {https://link.aps.org/doi/10.1103/PhysRevB.92.165122},
	Volume = {92},
	Year = {2015},
	Bdsk-Url-1 = {https://link.aps.org/doi/10.1103/PhysRevB.92.165122},
	Bdsk-Url-2 = {https://dx.doi.org/10.1103/PhysRevB.92.165122}}

@article{Galvani2016,
	Author = {Galvani, T. and Paleari, F. and Miranda, H. P. C. and Molina-S{\'a}nchez, A. and Wirtz, L. and Latil, S. and Amara, H. and Ducastelle, F.},
	Date-Modified = {2018-01-05 15:04:12 +0000},
	Journal = {Phys. Rev. B},
	Number = {12},
	Pages = {125303},
	Publisher = {APS},
	Title = {Excitons in boron nitride single layer},
	Volume = {94},
	Year = {2016}}

@article{Wirtz2006,
	Author = {Wirtz, L. and Marini, A. and Rubio, A.},
	Date-Modified = {2018-03-27 12:25:55 +0000},
	Journal = {Phys. Rev. Lett. },
	Number = {12},
	Pages = {126104},
	Publisher = {APS},
	Title = {Excitons in boron nitride nanotubes: dimensionality effects},
	Volume = {96},
	Year = {2006}}

@article{Sponza2017,
	Author = {Sponza, Lorenzo and Amara, Hakim and Ducastelle, Fran{\c{c}}ois and Loiseau, Annick and Attaccalite, Claudio},
	Journal = {Physical Review B},
	Number = {7},
	Pages = {075121},
	Publisher = {APS},
	Title = {Exciton interference in hexagonal boron nitride},
	Volume = {97},
	Year = {2018}}

@article{Giovannetti2007,
	Author = {Giovannetti, G. and Khomyakov, P. A. and Brocks, G. and Kelly, P. J and Van Den Brink, J.},
	Date-Modified = {2018-01-05 14:50:35 +0000},
	Journal = {Phys. Rev. B},
	Number = {7},
	Pages = {073103},
	Publisher = {APS},
	Title = {Substrate-induced band gap in graphene on hexagonal boron nitride: Ab initio density functional calculations},
	Volume = {76},
	Year = {2007}}

@article{rozzi2006exact,
	Author = {Rozzi, Carlo A and Varsano, Daniele and Marini, Andrea and Gross, Eberhard K. U. and Rubio, Angel},
	Journal = {Phys. Rev. B},
	Number = {20},
	Pages = {205119},
	Publisher = {APS},
	Title = {Exact Coulomb cutoff technique for supercell calculations},
	Volume = {73},
	Year = {2006}}

@article{schmidt2003efficient,
	Author = {Schmidt, W. G. and Glutsch, S and Hahn, P. H. and Bechstedt, F},
	Journal = {Phys. Rev. B},
	Number = {8},
	Pages = {085307},
	Publisher = {APS},
	Title = {Efficient $O(N^2)$ method to solve the Bethe-Salpeter equation},
	Volume = {67},
	Year = {2003}}

@article{wirtz2005excitonic,
	Author = {Wirtz, Ludger and Marini, Andrea and Gr\"uning, Myrta and Rubio, Angel},
	Journal = {arXiv preprint cond-mat/0508421},
	Title = {Excitonic effects in optical absorption and electron-energy loss spectra of hexagonal boron nitride},
	Year = {2005}}

@article{YAMBO2009,
	Author = {Andrea Marini and Conor Hogan and Myrta Gr{\"u}ning and Daniele Varsano},
	Issn = {0010-4655},
	Journal = {Computer Physics Communications},
	Month = {8},
	Number = {8},
	Pages = {1392--1403},
	Title = {yambo: An ab initio tool for excited state calculations},
	Volume = {180},
	Year = {2009}}

@article{Richardson1927,
	Author = {Richardson, L. F. and Gaunt, J. A.},
	Date-Modified = {2017-12-11 14:15:07 +0000},
	Doi = {10.1098/rsta.1927.0008},
	Issn = {0264-3952},
	Journal = {Philosophical Transactions of the Royal Society of London A: Mathematical, Physical and Engineering Sciences},
	Number = {636-646},
	Pages = {299--361},
	Publisher = {The Royal Society},
	Title = {{VIII. The deferred approach to the limit}},
	Volume = {226},
	Year = {1927},
	Bdsk-Url-1 = {https://dx.doi.org/10.1098/rsta.1927.0008}}

@article{attaccalite2011real,
	Author = {Attaccalite, Claudio and Gr{\"u}ning, M and Marini, A},
	Journal = {Physical Review B},
	Number = {24},
	Pages = {245110},
	Publisher = {APS},
	Title = {Real-time approach to the optical properties of solids and nanostructures: Time-dependent Bethe-Salpeter equation},
	Volume = {84},
	Year = {2011}}

@article{li2015giant,
	Author = {Li, Yuanxin and Dong, Ningning and Zhang, Saifeng and Zhang, Xiaoyan and Feng, Yanyan and Wang, Kangpeng and Zhang, Long and Wang, Jun},
	Journal = {Laser \& Photonics Reviews},
	Number = {4},
	Pages = {427--434},
	Publisher = {Wiley Online Library},
	Title = {Giant two-photon absorption in monolayer MoS2},
	Volume = {9},
	Year = {2015}}

@article{zhang2015direct,
	Author = {Zhang, Saifeng and Dong, Ningning and McEvoy, Niall and O'Brien, Maria and Winters, Sin{\'e}ad and Berner, Nina C and Yim, Chanyoung and Li, Yuanxin and Zhang, Xiaoyan and Chen, Zhanghai and others},
	Journal = {ACS nano},
	Number = {7},
	Pages = {7142--7150},
	Publisher = {ACS Publications},
	Title = {Direct observation of degenerate two-photon absorption and its saturation in WS2 and MoS2 monolayer and few-layer films},
	Volume = {9},
	Year = {2015}}

@article{he2014tightly,
	Author = {He, Keliang and Kumar, Nardeep and Zhao, Liang and Wang, Zefang and Mak, Kin Fai and Zhao, Hui and Shan, Jie},
	Journal = {Physical review letters},
	Number = {2},
	Pages = {026803},
	Publisher = {APS},
	Title = {Tightly bound excitons in monolayer WSe 2},
	Volume = {113},
	Year = {2014}}

@article{solozhenko1995isothermal,
	Author = {Solozhenko, VL and Will, G and Elf, F},
	Journal = {Solid state communications},
	Number = {1},
	Pages = {1--3},
	Publisher = {Elsevier},
	Title = {Isothermal compression of hexagonal graphite-like boron nitride up to 12 GPa},
	Volume = {96},
	Year = {1995}}

@article{saynatjoki2017ultra,
	Author = {S{\"a}yn{\"a}tjoki, Antti and Karvonen, Lasse and Rostami, Habib and Autere, Anton and Mehravar, Soroush and Lombardo, Antonio and Norwood, Robert A and Hasan, Tawfique and Peyghambarian, Nasser and Lipsanen, Harri and others},
	Journal = {Nature communications},
	Number = {1},
	Pages = {893},
	Publisher = {Nature Publishing Group},
	Title = {Ultra-strong nonlinear optical processes and trigonal warping in MoS 2 layers},
	Volume = {8},
	Year = {2017}}



@article{doi:10.1063/1.4961684,
author = {Andreas W. Schell and Toan Trong Tran and Hideaki Takashima and Shigeki Takeuchi and Igor Aharonovich},
title = {Non-linear excitation of quantum emitters in hexagonal boron nitride multiplayers},
journal = {APL Photonics},
volume = {1},
number = {9},
pages = {091302},
year = {2016},
doi = {10.1063/1.4961684},
URL = {https://doi.org/10.1063/1.4961684},
eprint = {https://doi.org/10.1063/1.4961684}
}


@article{PhysRevB.13.5560,
  title = {Optical properties of hexagonal boron nitride},
  author = {Zunger, A. and Katzir, A. and Halperin, A.},
  journal = {Phys. Rev. B},
  volume = {13},
  issue = {12},
  pages = {5560--5573},
  numpages = {0},
  year = {1976},
  month = {Jun},
  publisher = {American Physical Society},
  doi = {10.1103/PhysRevB.13.5560},
 url = {https://link.aps.org/doi/10.1103/PhysRevB.13.5560}
}


@article{PhysRevB.86.155202,
  title = {Origin of the significantly enhanced optical transitions in layered boron nitride},
  author = {Huang, Bing and Cao, X. K. and Jiang, H. X. and Lin, J. Y. and Wei, Su-Huai},
  journal = {Phys. Rev. B},
  volume = {86},
  issue = {15},
  pages = {155202},
  numpages = {5},
  year = {2012},
  month = {Oct},
  publisher = {American Physical Society},
  doi = {10.1103/PhysRevB.86.155202},
  url = {https://link.aps.org/doi/10.1103/PhysRevB.86.155202}
}

@article{doni1969energy,
  title={Energy bands and optical properties of hexagonal boron nitride and graphite},
  author={Doni, E and Parravicini, G Pastori},
  journal={Il Nuovo Cimento B (1965-1970)},
  volume={64},
  number={1},
  pages={117--144},
  year={1969},
  publisher={Springer}
}



@article{PhysRevB.64.035104,
  title = {Optical properties of BN in cubic and layered hexagonal phases},
  author = {Cappellini, Giancarlo and Satta, Guido and Palummo, Maurizia and Onida, Giovanni},
  journal = {Phys. Rev. B},
  volume = {64},
  issue = {3},
  pages = {035104},
  numpages = {11},
  year = {2001},
  month = {Jun},
  publisher = {American Physical Society},
  doi = {10.1103/PhysRevB.64.035104},
  url = {https://link.aps.org/doi/10.1103/PhysRevB.64.035104}
}

@misc{lumen,
    note="The approach is implemented in the \textsc{Lumen} extension of the \textsc{Yambo} many-body code.~\cite{YAMBO2009} The source code is available from \texttt{http://www.attaccalite.com/lumen/}"
}


@article{PhysRevB.72.241402,
  title = {Exciton binding energies in carbon nanotubes from two-photon photoluminescence},
  author = {Maultzsch, J. and Pomraenke, R. and Reich, S. and Chang, E. and Prezzi, D. and Ruini, A. and Molinari, E. and Strano, M. S. and Thomsen, C. and Lienau, C.},
  journal = {Phys. Rev. B},
  volume = {72},
  issue = {24},
  pages = {241402},
  numpages = {4},
  year = {2005},
  month = {Dec},
  publisher = {American Physical Society},
  doi = {10.1103/PhysRevB.72.241402},
  url = {https://link.aps.org/doi/10.1103/PhysRevB.72.241402}
}


@article{sponza2018,
        Author = {Sponza, L. and Amara, H. and Attaccalite, C. and Latil, S. and Galvani, T. and  Paleari, F. and Wirtz, L. and Ducastelle F.},
        Journal = {arXiv:1806.06201 [cond-mat.mtrl-sci]},
        Title = {Direct and indirect excitons in boron nitride polymorphs: a story of atomic configuration and electronic correlation},
        Year = {2018}
}



@article{PhysRevLett.115.176801,
      title = {Nonanalyticity, Valley Quantum Phases, and Lightlike Exciton Dispersion in Monolayer Transition Metal Dichalcogenides: Theory and First-Principles Calculations},
      author = {Qiu, Diana Y. and Cao, Ting and Louie, Steven G.},
      journal = {Phys. Rev. Lett.},
     volume = {115},
      issue = {17},
       pages = {176801},
       numpages = {5},
      year = {2015},
      month = {Oct},
     publisher = {American Physical Society},
     doi = {10.1103/PhysRevLett.115.176801},
   url = {https://link.aps.org/doi/10.1103/PhysRevLett.115.176801}
}


@article{cudazzo2016exciton,
  title={Exciton band structure in two-dimensional materials},
  author={Cudazzo, Pierluigi and Sponza, Lorenzo and Giorgetti, Christine and Reining, Lucia and Sottile, Francesco and Gatti, Matteo},
  journal={Physical review letters},
  volume={116},
  number={6},
  pages={066803},
  year={2016},
  publisher={APS}
}


@article{ks,
  title={Self-consistent equations including exchange and correlation effects},
  author={Kohn, Walter and Sham, Lu Jeu},
  journal={Physical review},
  volume={140},
  number={4A},
  pages={A1133},
  year={1965},
  publisher={APS}
}


@ARTICLE{takimoto:154114,
  author = {Y. Takimoto and F. D. Vila and J. J. Rehr},
  title = {Real-time time-dependent density functional theory approach for frequency-dependent
        nonlinear optical response in photonic molecules},
  journal = {J. Chem. Phys.},
  year = {2007},
  volume = {127},
  pages = {154114},
  number = {15},
  publisher = {AIP}
}
